@MISC{noauthor_undated-nc,
  title        = "{UCI} machine learning repository",
  booktitle    = "Uci.edu",
  howpublished = "\url{https://archive.ics.uci.edu/dataset/697/predict+students+dropout+and+academic+success}",
  note         = "Accessed: 2025-5-17",
  language     = "en"
}

@MISC{noauthor_undated-la,
  title        = "El abandono educativo temprano marc{\'o} en 2024 su
                  m{\'\i}nimo hist{\'o}rico con un 13\%",
  booktitle    = "Gob.es",
  howpublished = "\url{https://www.educacionfpydeportes.gob.es/prensa/actualidad/2025/01/20250128-abandonoeducativo.html}",
  note         = "Accessed: 2025-5-17",
  language     = "es"
}
